% Encoding: UTF-8

@TechReport{media-capture-and-streams,
    author =	"Anant Narayanan and Daniel Burnett and Bernard Aboba and Adam Bergkvist and Cullen Jennings",
    title =	"Media Capture and Streams",
    month =	oct,
    note = 	"https://www.w3.org/TR/2017/CR-mediacapture-streams-20171003/",
    year = 	"2017",
    type = 	"Candidate Recommendation",
    institution = "W3C",
}

@TechReport{media-source-extensions,
    author = "Aaron Colwell and Jerry Smith and Adrian Bateman and Matthew Wolenetz and Mark Watson",
    title =	"Media Source Extensions\texttrademark{}",
    month =	nov,
    note = 	"https://www.w3.org/TR/2016/REC-media-source-20161117/",
    year = 	"2016",
    type = 	"{W3C} Recommendation",
    institution = "W3C",
}

@TechReport{webrtc-w3c,
    author = "Jan-Ivar Bruaroey and Daniel Burnett and Taylor Brandstetter and Cullen Jennings and Anant Narayanan and Adam Bergkvist and Bernard Aboba",
    title =	"{WebRTC} 1.0: Real-time Communication Between Browsers",
    month =	sep,
    note = 	"https://www.w3.org/TR/2018/CR-webrtc-20180927/",
    year = 	"2018",
    type = 	"Candidate Recommendation",
    institution = "W3C",
}

@TechReport{html-w3c,
    author = "Steve Faulkner and Alex Danilo and Arron Eicholz and Sangwhan Moon and Travis Leithead",
    title =	"{HTML} 5.2",
    month =	dec,
    note = 	"https://www.w3.org/TR/2017/REC-html52-20171214/",
    year = 	"2017",
    type = 	"{W3C} Recommendation",
    institution = "W3C",
}

@book{high-performance-browser-networking,
    author = {Ilya Grigorik},
    day = {30},
    edition = {1},
    howpublished = {Paperback},
    keywords = {browser},
    month = sep,
    publisher = {O'Reilly Media},
    title = {High Performance Browser Networking: What every web developer should know about networking and web performance},
    year = {2013}
}

@misc{adobe-flash,
    url = {https://www.adobe.com/products/flashplayer.html},
    title = {What is Flash Player?},
    author = {Adobe}
}

@misc{microsoft-silverlight,
    url = {https://www.microsoft.com/silverlight/Default},
    title = {Get Silverlight 5},
    author = {Microsoft}
}

@misc{roberts, 
    url = {https://cs.stanford.edu/people/eroberts/cs201/projects/packet-monitoring/background.htm}, 
    journal = {Basics of Internet data transmission}, 
    author = {Roberts, Eric}
}

@misc{shuler2002,
    url = {https://web.stanford.edu/class/msande91si/www-spr04/readings/week1/InternetWhitepaper.htm}, 
    journal = {How Does the Internet Work?}, 
    publisher = {Pomeroy IT Solutions}, 
    author = {Shuler, Rus},
    year = {2002}
}

@misc{simoneau2006,
    url = {http://ru6.cti.gr/bouras-old/WP_Simoneau_OSIModel.pdf}, 
    journal = {The OSI Model: Understanding the Seven Layers of Computer Networks}, 
    publisher = {Global Knowledge}, 
    author = {Simoneau, Paul},
    year = {2006}
}

@techreport{ISO1064-osi-model,
    type = {Standard},
    key = {ISO/IEC 10164-16:1997(E)},
    month = may,
    year = {1997},
    title = {{Information technology -- Open Systems Interconnection -- Systems Management: Management knowledge management function }},
    address = {Geneva, CH},
    institution = {International Organization for Standardization}
}

@report{rfc791-ip,
    shorthand = {RFC791},
    author = {Information Sciences Institute University of Southern California},
    year = {1981},
    month = {9},
    title = {INTERNET PROTOCOL DARPA INTERNET PROGRAM PROTOCOL SPECIFICATION},
    note = {RFC 791}
}

@misc{mse-google,
    url = {https://developers.google.com/web/fundamentals/media/mse/basics},
    author = "Joseph Medley and François Beaufort",
    year = {2018},
    month = {12},
    day = {18},
    title = {Web Fundamentals – Media Source Extensions}
}

@misc{ wiki:osi-model,
    author = "Wikimedia Commons",
    title = "File:Osi-model-jb.svg --- Wikimedia Commons{,} the free media repository",
    year = "2015",
    url = "https://commons.wikimedia.org/w/index.php?title=File:Osi-model-jb.svg&oldid=159438196"
 }
 